<record><leader>00000cas a22000007a 4500</leader><controlfield tag="001">18159847</controlfield><controlfield tag="008">880701d190119uutxuuu ne      0    0eng d</controlfield><datafield ind1=" " ind2=" " tag="010"><subfield code="a">sn 88083851 </subfield></datafield><datafield ind1=" " ind2=" " tag="040"><subfield code="a">PPM</subfield><subfield code="b">eng</subfield><subfield code="c">PPM</subfield><subfield code="d">OCLCQ</subfield></datafield><datafield ind1=" " ind2=" " tag="042"><subfield code="a">msc</subfield></datafield><datafield ind1="0" ind2="4" tag="245"><subfield code="a">The Jacksonville reformer.</subfield></datafield><datafield ind1=" " ind2=" " tag="260"><subfield code="a">Jacksonville, Tex. :</subfield><subfield code="b">Whittley Bros.</subfield></datafield><datafield ind1="1" ind2=" " tag="362"><subfield code="a">Began Aug. 2, 1901?</subfield></datafield><datafield ind1=" " ind2=" " tag="588"><subfield code="a">Description based on: Jan. 2, 1902 issue.</subfield></datafield><datafield ind1=" " ind2=" " tag="752"><subfield code="a">United States</subfield><subfield code="b">Texas</subfield><subfield code="c">Cherokee</subfield><subfield code="d">Jacksonville.</subfield></datafield></record>